"Category Name","order date (DateOrders)","Sales"
"Sporting Goods","1/31/2018 22:56","327.75"
"Sporting Goods","1/13/2018 12:27","327.75"
"Sporting Goods","1/13/2018 12:06","327.75"
"Sporting Goods","1/13/2018 11:45","327.75"
"Sporting Goods","1/13/2018 11:24","327.75"
"Sporting Goods","1/13/2018 11:03","327.75"
"Sporting Goods","1/13/2018 10:42","327.75"
"Sporting Goods","1/13/2018 10:21","327.75"
"Sporting Goods","1/13/2018 10:00","327.75"
"Sporting Goods","1/13/2018 9:39","327.75"
"Sporting Goods","1/13/2018 9:18","327.75"
"Sporting Goods","1/13/2018 8:57","327.75"
"Sporting Goods","1/13/2018 8:36","327.75"
"Sporting Goods","1/13/2018 8:15","327.75"
"Sporting Goods","1/13/2018 7:54","327.75"
"Sporting Goods","1/13/2018 7:33","327.75"
"Sporting Goods","1/13/2018 7:12","327.75"
"Sporting Goods","1/13/2018 6:51","327.75"
"Sporting Goods","1/13/2018 6:30","327.75"
"Sporting Goods","1/13/2018 6:09","327.75"
"Sporting Goods","1/13/2018 5:48","327.75"
"Sporting Goods","1/13/2018 5:27","327.75"
"Sporting Goods","1/13/2018 5:06","327.75"
"Sporting Goods","1/13/2018 4:45","327.75"
"Sporting Goods","1/13/2018 4:24","327.75"
"Sporting Goods","1/13/2018 4:03","327.75"
"Sporting Goods","1/13/2018 3:42","327.75"
"Sporting Goods","1/13/2018 3:21","327.75"
"Sporting Goods","1/13/2018 3:00","327.75"
"Sporting Goods","1/13/2018 2:39","327.75"
"Sporting Goods","1/13/2018 2:18","327.75"
"Sporting Goods","1/13/2018 1:57","327.75"
"Sporting Goods","1/13/2018 1:36","327.75"
"Sporting Goods","1/13/2018 1:15","327.75"
"Sporting Goods","1/13/2018 0:54","327.75"
"Sporting Goods","1/13/2018 0:33","327.75"
"Sporting Goods","1/13/2018 0:12","327.75"
"Sporting Goods","1/12/2018 23:51","327.75"
"Sporting Goods","1/12/2018 23:30","327.75"
"Sporting Goods","1/12/2018 23:09","327.75"
"Sporting Goods","1/12/2018 22:48","327.75"
"Sporting Goods","1/12/2018 22:27","327.75"
"Sporting Goods","1/12/2018 22:05","327.75"
"Sporting Goods","1/12/2018 21:44","327.75"
"Sporting Goods","1/12/2018 21:23","327.75"
"Sporting Goods","1/12/2018 21:02","327.75"
"Sporting Goods","1/12/2018 20:41","327.75"
"Sporting Goods","1/12/2018 20:20","327.75"
"Cleats","2/24/2016 13:57","119.9800034"
"Shop By Sport","10/25/2016 14:39","79.98000336"
"Women's Apparel","3/30/2016 4:37","100"
"Shop By Sport","10/30/2016 1:31","79.98000336"
"Women's Apparel","11/28/2016 1:18","100"
"Women's Apparel","12/31/2016 15:47","100"
"Women's Apparel","10/25/2015 6:24","100"
"Electronics","6/11/2016 15:12","89.98000336"
"Boxing & MMA","8/24/2016 21:45","109.9400024"
"Cleats","4/13/2016 10:12","119.9800034"
"Cleats","5/22/2016 14:10","119.9800034"
"Cardio Equipment","10/4/2016 22:55","299.9700012"
"Shop By Sport","11/8/2016 12:32","119.9700012"
"Trade-In","11/11/2016 5:21","65.97000122"
"Electronics","12/8/2016 0:14","95.97000122"
"Cardio Equipment","7/7/2015 5:31","299.9700012"
"Cardio Equipment","7/22/2017 7:16","299.9700012"
"Cardio Equipment","8/7/2017 6:33","299.9700012"
"Cleats","9/22/2015 7:41","179.9700012"
"Cleats","7/2/2017 9:03","179.9700012"
"Cleats","9/8/2015 12:15","179.9700012"
"Cleats","8/20/2017 7:03","179.9700012"
"Women's Apparel","7/22/2017 7:16","150"
"Shop By Sport","8/4/2017 2:31","119.9700012"
"Women's Apparel","9/18/2017 1:14","150"
"Trade-In","7/2/2015 19:42","65.97000122"
"Cardio Equipment","3/28/2015 0:55","299.9700012"
"Cleats","4/2/2017 16:43","179.9700012"
"Cleats","5/5/2017 14:23","179.9700012"
"Cleats","4/25/2015 4:44","179.9700012"
"Cleats","4/25/2015 1:14","179.9700012"
"Cleats","4/25/2015 1:14","179.9700012"
"Cleats","6/6/2017 15:03","179.9700012"
"Cleats","2/18/2017 16:36","179.9700012"
"Women's Apparel","4/26/2015 3:10","150"
"Shop By Sport","4/10/2015 0:02","119.9700012"
"Women's Apparel","4/11/2017 15:49","150"
"Women's Apparel","4/25/2015 4:44","150"
"Women's Apparel","3/16/2017 2:54","150"
"Women's Apparel","3/29/2015 10:33","150"
"Women's Apparel","2/3/2015 0:28","150"
"Women's Apparel","2/3/2015 0:28","150"
"Women's Apparel","2/18/2017 13:05","150"
"Shop By Sport","1/18/2017 19:37","119.9700012"
"Women's Apparel","3/13/2015 18:59","250"
"Shop By Sport","2/7/2017 9:47","199.9499969"
"Shop By Sport","4/3/2015 19:08","199.9499969"
"Women's Apparel","4/13/2017 14:25","250"
"Women's Apparel","4/2/2015 3:33","250"
"Shop By Sport","1/31/2017 11:43","150"
"Shop By Sport","3/30/2017 23:12","199.9499969"
"Women's Apparel","3/25/2017 23:02","250"
"Women's Apparel","2/5/2017 1:01","250"
"Shop By Sport","4/15/2017 14:04","199.9499969"
"Women's Apparel","2/15/2015 18:40","250"
"Women's Apparel","5/27/2017 16:48","250"
"Shop By Sport","2/25/2015 20:46","199.9499969"
"Women's Apparel","5/31/2017 11:33","250"
"Shop By Sport","1/15/2015 4:32","199.9499969"
"Women's Apparel","4/26/2017 15:16","250"
"Women's Apparel","3/7/2017 19:12","250"
"Women's Apparel","4/20/2017 18:47","250"
"Women's Apparel","3/3/2017 6:14","250"
"Shop By Sport","6/4/2017 16:06","199.9499969"
"Women's Apparel","5/16/2017 21:33","250"
"Women's Apparel","2/7/2017 9:47","250"
"Women's Apparel","5/27/2015 1:32","250"
"Electronics","3/28/2017 5:20","239.9499969"
"Electronics","2/5/2017 1:01","159.9499969"
"Kids' Golf Clubs","5/2/2017 3:00","449.9500122"
"Hunting & Shooting","4/3/2017 23:53","149.9499969"
"Baseball & Softball","4/30/2015 23:49","299.9500122"
"Cardio Equipment","4/27/2017 3:32","499.9500122"
"Cardio Equipment","2/2/2015 3:27","499.9500122"
"Cardio Equipment","2/13/2017 16:05","499.9500122"
"Cardio Equipment","5/27/2017 23:28","499.9500122"
"Cardio Equipment","3/19/2017 19:53","499.9500122"
"Cardio Equipment","5/7/2015 15:56","499.9500122"
"Cardio Equipment","4/27/2015 11:23","499.9500122"
"Cardio Equipment","4/14/2017 18:06","499.9500122"
"Cardio Equipment","5/7/2015 1:13","499.9500122"
"Boxing & MMA","6/12/2017 5:55","449.9500122"
"Cleats","3/26/2017 15:30","299.9500122"
"Cleats","2/17/2017 11:52","299.9500122"
"Cleats","1/25/2017 1:13","299.9500122"
"Cleats","2/6/2017 6:27","299.9500122"
"Cleats","5/22/2017 6:08","299.9500122"
"Cleats","2/21/2017 1:00","299.9500122"
"Cleats","1/6/2015 19:26","299.9500122"
"Cardio Equipment","1/15/2017 4:44","99.98999786"
"Men's Footwear","10/28/2016 19:23","129.9900055"
"Men's Footwear","9/19/2016 13:39","129.9900055"
"Men's Footwear","8/25/2016 22:16","129.9900055"
"Cleats","10/28/2016 19:23","59.99000168"
"Men's Footwear","10/7/2016 23:26","129.9900055"
"Camping & Hiking","11/3/2016 21:49","299.980011"
"Camping & Hiking","8/25/2016 22:16","299.980011"
"Consumer Electronics","11/3/2017 13:05","252.8800049"
"Cameras","10/14/2017 11:42","452.0400085"
"Consumer Electronics","11/4/2017 1:21","252.8800049"
"Cameras","10/16/2017 1:12","452.0400085"
"Consumer Electronics","11/3/2017 18:20","252.8800049"
"Cameras","10/13/2017 3:08","452.0400085"
"Consumer Electronics","11/2/2017 10:06","252.8800049"
"Computers","10/29/2017 12:55","1500"
"Cameras","10/13/2017 8:44","452.0400085"
"Cameras","10/11/2017 6:17","452.0400085"
"Computers","10/30/2017 1:10","1500"
"Cameras","10/13/2017 14:41","452.0400085"
"Consumer Electronics","11/3/2017 3:58","252.8800049"
"Cameras","10/10/2017 4:21","452.0400085"
"Consumer Electronics","11/4/2017 5:12","252.8800049"
"Computers","10/26/2017 14:51","1500"
"Cameras","10/13/2017 13:59","452.0400085"
"Consumer Electronics","11/1/2017 20:05","252.8800049"
"Cameras","10/17/2017 11:32","452.0400085"
"Consumer Electronics","11/1/2017 19:02","252.8800049"
"Cameras","10/13/2017 12:35","452.0400085"
"Consumer Electronics","11/1/2017 18:20","252.8800049"
"Consumer Electronics","11/1/2017 5:44","252.8800049"
"Consumer Electronics","11/2/2017 13:15","252.8800049"
"Cameras","10/13/2017 18:11","452.0400085"
"Cameras","10/11/2017 22:03","452.0400085"
"Consumer Electronics","11/3/2017 14:08","252.8800049"
"Computers","10/26/2017 18:21","1500"
"Cameras","10/11/2017 2:26","452.0400085"
"Basketball","10/2/2017 11:01","999.9899902"
"Soccer","9/8/2017 3:42","79.98999786"
"Baseball & Softball","9/17/2015 23:17","59.99000168"
"Electronics","10/2/2015 7:40","44.99000168"
"Cardio Equipment","8/8/2017 10:13","99.98999786"
"Cardio Equipment","8/17/2015 18:35","99.98999786"
"Electronics","9/23/2015 9:57","44.99000168"
"Cardio Equipment","10/23/2015 8:31","99.98999786"
"Cardio Equipment","7/11/2015 18:49","99.98999786"
"Electronics","5/8/2016 17:42","134.9700012"
"Cardio Equipment","4/2/2016 19:51","299.9700012"
"Cardio Equipment","8/14/2016 2:51","299.9700012"
"Cardio Equipment","4/2/2016 19:51","299.9700012"
"Cleats","5/18/2016 16:38","179.9700012"
"Cleats","5/5/2016 13:40","179.9700012"
"Cleats","4/21/2016 2:50","179.9700012"
"Shop By Sport","7/1/2016 8:10","119.9700012"
"Girls' Apparel","4/21/2016 2:50","75"
"Women's Apparel","12/17/2016 8:48","150"
"Women's Apparel","5/8/2016 17:42","150"
"Women's Apparel","12/17/2016 8:48","150"
"Shop By Sport","8/30/2016 14:02","119.9700012"
"Shop By Sport","7/27/2016 6:01","119.9700012"
"Accessories","7/17/2016 10:14","74.97000122"
"Trade-In","7/6/2016 10:26","47.97000122"
"Cleats","9/9/2016 22:05","239.9600067"
"Cleats","8/26/2016 12:38","239.9600067"
"Women's Apparel","1/16/2017 22:04","200"
"Shop By Sport","1/16/2017 22:04","159.9600067"
"Women's Apparel","9/28/2016 10:19","200"
"Accessories","9/3/2016 15:26","99.95999908"
"Cardio Equipment","9/16/2016 1:13","399.9599915"
"Cleats","10/20/2016 3:59","239.9600067"
"Cleats","1/7/2017 0:11","239.9600067"
"Cleats","10/10/2016 6:06","239.9600067"
"Cleats","9/6/2016 13:30","239.9600067"
"Cleats","1/6/2017 1:25","239.9600067"
"Women's Apparel","12/28/2016 7:33","200"
"Women's Apparel","8/25/2016 18:46","200"
"Shop By Sport","9/5/2016 10:10","159.9600067"
"Shop By Sport","11/28/2016 9:00","159.9600067"
"Girls' Apparel","9/2/2016 13:30","120"
"Women's Apparel","11/19/2016 21:27","200"
"Women's Apparel","9/14/2016 5:26","200"
"Women's Apparel","11/5/2016 9:13","200"
"Accessories","12/8/2016 12:08","99.95999908"
"Cardio Equipment","1/14/2017 14:22","399.9599915"
"Cardio Equipment","11/5/2016 19:43","399.9599915"
"Cardio Equipment","9/17/2016 23:07","399.9599915"
"Cardio Equipment","11/14/2016 13:14","399.9599915"
"Cardio Equipment","12/11/2016 15:49","399.9599915"
"Cardio Equipment","12/11/2016 15:49","399.9599915"
"Cardio Equipment","11/8/2016 13:14","399.9599915"
"Cardio Equipment","11/22/2016 2:00","399.9599915"
"Men's Footwear","8/31/2016 12:06","129.9900055"
"Men's Footwear","9/3/2016 13:41","129.9900055"
"Cleats","2/16/2016 4:09","59.99000168"
"Men's Footwear","12/31/2015 19:27","129.9900055"
"Men's Footwear","3/26/2016 8:07","129.9900055"
"Men's Footwear","1/2/2016 0:11","129.9900055"
"Women's Clothing","1/27/2018 2:38","215.8200073"
"Men's Footwear","1/3/2016 7:22","129.9900055"
"Men's Footwear","2/14/2016 5:54","129.9900055"
"Men's Footwear","11/28/2015 1:06","129.9900055"
"Men's Footwear","12/11/2015 15:17","129.9900055"
"Cleats","9/17/2016 4:12","59.99000168"
"Men's Footwear","9/3/2016 13:41","129.9900055"
"Men's Footwear","12/12/2016 1:59","129.9900055"
"Men's Footwear","10/28/2016 15:11","129.9900055"
"Crafts","12/27/2017 20:01","461.480011"
"Men's Footwear","2/12/2016 12:34","129.9900055"
"Cleats","3/15/2016 7:58","59.99000168"
"Men's Footwear","3/28/2016 0:25","129.9900055"
"Men's Footwear","3/14/2016 20:03","129.9900055"
"Men's Footwear","11/18/2015 9:53","129.9900055"
"Men's Footwear","12/20/2015 16:29","129.9900055"
"Men's Footwear","12/12/2016 1:59","129.9900055"
"Men's Footwear","9/10/2016 5:47","129.9900055"
"Men's Footwear","10/28/2016 15:11","129.9900055"
"Men's Footwear","9/7/2016 1:04","129.9900055"
"Men's Footwear","11/11/2015 3:45","129.9900055"
"Men's Footwear","12/13/2015 22:17","129.9900055"
"Men's Footwear","1/7/2016 5:57","129.9900055"
"Women's Clothing","12/14/2017 15:39","215.8200073"
"Cleats","3/15/2016 3:45","59.99000168"
"Men's Footwear","3/16/2016 10:14","129.9900055"
"Men's Footwear","2/6/2016 2:25","129.9900055"
"Women's Clothing","1/28/2018 15:46","215.8200073"
"Men's Footwear","12/18/2015 5:59","129.9900055"
"Men's Footwear","1/17/2017 12:26","129.9900055"
"Women's Clothing","12/13/2017 20:44","215.8200073"
"Crafts","12/26/2017 18:26","461.480011"
"Men's Footwear","1/27/2016 12:14","129.9900055"
"Women's Clothing","1/30/2018 11:54","215.8200073"
"Men's Footwear","8/30/2016 8:47","129.9900055"
"Men's Footwear","11/17/2016 4:59","129.9900055"
"Men's Footwear","12/29/2016 15:26","129.9900055"
"Cleats","3/10/2016 4:59","59.99000168"
"Men's Clothing","11/24/2017 19:11","210.8500061"
"Women's Apparel","12/10/2016 13:11","250"
"Women's Apparel","10/26/2016 6:25","250"
"Shop By Sport","10/19/2016 6:36","199.9499969"
"Shop By Sport","11/6/2016 23:24","199.9499969"
"Women's Apparel","9/29/2016 16:27","250"
"Women's Apparel","9/3/2016 12:38","250"
"Women's Apparel","11/7/2016 10:15","250"
"Women's Apparel","11/12/2016 5:10","250"
"Women's Apparel","11/26/2016 12:30","250"
"Women's Apparel","12/9/2016 22:07","250"
"Women's Apparel","10/2/2016 15:55","250"
"Women's Apparel","10/20/2016 21:30","250"
"Shop By Sport","10/6/2016 14:51","199.9499969"
"Women's Apparel","12/19/2016 9:30","250"
"Accessories","9/2/2016 12:48","124.9499969"
"Accessories","10/11/2016 15:22","124.9499969"
"Accessories","10/11/2016 12:34","124.9499969"
"Trade-In","10/27/2016 0:59","79.94999695"
"Trade-In","10/5/2016 8:44","79.94999695"
"Electronics","12/28/2016 18:46","159.9499969"
"Hunting & Shooting","9/1/2016 23:08","149.9499969"
"Tennis & Racquet","12/2/2016 6:54","224.9499969"
"Cardio Equipment","10/8/2016 16:15","499.9500122"
"Cleats","8/30/2016 2:49","299.9500122"
"Shop By Sport","10/18/2016 14:29","199.9499969"
"Women's Apparel","8/29/2016 10:42","250"
"Electronics","12/29/2016 13:20","239.9499969"
"Baseball & Softball","10/13/2015 22:53","299.9500122"
"Fitness Accessories","9/29/2016 4:11","174.9499969"
"Cardio Equipment","8/10/2015 21:35","499.9500122"
"Electronics","8/14/2015 16:40","139.9499969"
"Cardio Equipment","8/10/2015 5:07","499.9500122"
"Cardio Equipment","7/29/2017 19:42","499.9500122"
"Cardio Equipment","9/5/2017 10:32","499.9500122"
"Cardio Equipment","6/28/2017 22:43","499.9500122"
"Electronics","6/15/2015 10:27","159.9499969"
"Cardio Equipment","7/6/2017 23:03","499.9500122"
"Cardio Equipment","9/5/2017 0:02","499.9500122"
"Cardio Equipment","11/17/2016 2:32","499.9500122"
"Cardio Equipment","7/15/2017 3:15","499.9500122"
"Cardio Equipment","9/13/2017 7:01","499.9500122"
"Fitness Accessories","10/3/2015 15:33","174.9499969"
"Fitness Accessories","10/3/2015 1:53","174.9499969"
"As Seen on  TV!","9/2/2017 21:35","499.9500122"
"Cardio Equipment","11/16/2016 10:04","499.9500122"
"Cleats","3/13/2017 21:18","119.9800034"
"Cleats","6/1/2017 8:13","119.9800034"
"Cleats","2/21/2017 5:12","119.9800034"
"Cleats","4/6/2017 11:27","119.9800034"
"Cleats","1/27/2017 2:16","119.9800034"
"Women's Apparel","2/12/2015 20:36","100"
"Women's Apparel","3/5/2017 18:30","100"
"Women's Apparel","5/5/2017 17:53","100"
"Shop By Sport","4/19/2015 4:03","79.98000336"
"Women's Apparel","3/20/2015 1:17","100"
"Women's Apparel","5/22/2017 1:56","100"
"Shop By Sport","5/18/2017 12:26","79.98000336"
"Shop By Sport","2/20/2015 11:29","79.98000336"
"Shop By Sport","5/4/2015 15:04","79.98000336"
"Women's Apparel","2/19/2017 7:19","100"
"Girls' Apparel","1/30/2015 9:14","140"
"Girls' Apparel","3/26/2017 23:33","50"
"Women's Apparel","2/6/2017 13:27","100"
"Women's Apparel","3/31/2017 16:43","100"
"Shop By Sport","4/24/2017 3:43","79.98000336"
"Shop By Sport","3/31/2017 14:58","79.98000336"
"Shop By Sport","3/28/2015 0:13","79.98000336"
"Women's Apparel","3/22/2015 16:21","100"
"Shop By Sport","1/6/2015 8:13","79.98000336"
"Women's Apparel","2/3/2017 5:14","100"
"Women's Apparel","1/27/2015 0:39","100"
"Shop By Sport","5/30/2017 11:22","79.98000336"
"Women's Apparel","4/9/2015 21:35","100"
"Women's Apparel","3/7/2015 11:38","100"
"Women's Apparel","5/22/2015 7:20","100"
"Shop By Sport","6/7/2017 12:25","79.98000336"
"Girls' Apparel","2/16/2017 0:50","79.98000336"
"Shop By Sport","2/6/2017 20:07","79.98000336"
"Shop By Sport","3/10/2015 0:15","79.98000336"
"Women's Apparel","2/21/2015 15:31","100"
"Women's Apparel","2/16/2017 0:50","100"
"Women's Apparel","3/6/2017 9:13","100"
"Shop By Sport","4/9/2015 21:35","79.98000336"
"Shop By Sport","2/6/2017 1:54","79.98000336"
"Women's Apparel","5/31/2017 2:47","100"
"Electronics","5/4/2015 15:04","63.97999954"
"Accessories","3/25/2015 8:49","49.97999954"
"Golf Balls","5/16/2015 21:00","39.97999954"
"Electronics","4/29/2015 3:41","95.98000336"
"Sporting Goods","1/12/2018 19:59","327.75"
"Sporting Goods","1/12/2018 19:38","327.75"
"Sporting Goods","1/12/2018 19:17","327.75"
"Sporting Goods","1/12/2018 18:56","327.75"
"Sporting Goods","1/12/2018 18:35","327.75"
"Sporting Goods","1/12/2018 18:14","327.75"
"Sporting Goods","1/12/2018 17:53","327.75"
"Sporting Goods","1/12/2018 17:32","327.75"
"Sporting Goods","1/12/2018 17:11","327.75"
"Sporting Goods","1/12/2018 16:50","327.75"
"Sporting Goods","1/12/2018 16:29","327.75"
"Sporting Goods","1/12/2018 16:08","327.75"
"Sporting Goods","1/12/2018 15:47","327.75"
"Sporting Goods","1/12/2018 15:26","327.75"
"Sporting Goods","1/12/2018 15:05","327.75"
"Sporting Goods","1/12/2018 14:44","327.75"
"Sporting Goods","1/12/2018 14:23","327.75"
"Sporting Goods","1/12/2018 14:02","327.75"
"Sporting Goods","1/12/2018 13:41","327.75"
"Sporting Goods","1/12/2018 13:20","327.75"
"Sporting Goods","1/12/2018 12:59","327.75"
"Sporting Goods","1/12/2018 12:38","327.75"
"Sporting Goods","1/12/2018 12:17","327.75"
"Sporting Goods","1/12/2018 11:56","327.75"
"Sporting Goods","1/12/2018 11:35","327.75"
"Sporting Goods","1/12/2018 11:14","327.75"
"Sporting Goods","1/12/2018 10:53","327.75"
"Sporting Goods","1/12/2018 10:32","327.75"
"Sporting Goods","1/12/2018 10:11","327.75"
"Sporting Goods","1/12/2018 9:50","327.75"
"Sporting Goods","1/12/2018 9:29","327.75"
"Sporting Goods","1/12/2018 9:08","327.75"
"Sporting Goods","1/12/2018 8:47","327.75"
"Sporting Goods","1/12/2018 8:26","327.75"
"Sporting Goods","1/12/2018 8:05","327.75"
"Sporting Goods","1/12/2018 7:44","327.75"
"Sporting Goods","1/12/2018 7:23","327.75"
"Sporting Goods","1/12/2018 7:02","327.75"
"Sporting Goods","1/12/2018 6:41","327.75"
"Sporting Goods","1/12/2018 6:20","327.75"
"Sporting Goods","1/12/2018 5:59","327.75"
"Sporting Goods","1/12/2018 5:38","327.75"
"Sporting Goods","1/12/2018 5:16","327.75"
"Sporting Goods","1/12/2018 4:55","327.75"
"Sporting Goods","1/12/2018 4:34","327.75"
"Sporting Goods","1/12/2018 4:13","327.75"
"Sporting Goods","1/12/2018 3:52","327.75"
"Sporting Goods","1/12/2018 3:31","327.75"
"Sporting Goods","1/12/2018 3:10","327.75"
"Sporting Goods","1/12/2018 2:49","327.75"
"Sporting Goods","1/12/2018 2:28","327.75"
"Sporting Goods","1/12/2018 2:07","327.75"
"Sporting Goods","1/12/2018 1:46","327.75"
"Sporting Goods","1/12/2018 1:25","327.75"
"Sporting Goods","1/12/2018 1:04","327.75"
"Sporting Goods","1/12/2018 0:43","327.75"
"Sporting Goods","1/12/2018 0:22","327.75"
"Sporting Goods","1/12/2018 0:01","327.75"
"Sporting Goods","1/11/2018 23:40","327.75"
"Sporting Goods","1/11/2018 23:19","327.75"
"Sporting Goods","1/11/2018 22:58","327.75"
"Sporting Goods","1/11/2018 22:37","327.75"
"Sporting Goods","1/11/2018 22:16","327.75"
"Sporting Goods","1/11/2018 21:55","327.75"
"Sporting Goods","1/11/2018 21:34","327.75"
"Sporting Goods","1/11/2018 21:13","327.75"
"Sporting Goods","1/11/2018 20:52","327.75"
"Sporting Goods","1/11/2018 20:31","327.75"
"Sporting Goods","1/11/2018 20:10","327.75"
"Sporting Goods","1/11/2018 19:49","327.75"
"Sporting Goods","1/11/2018 19:28","327.75"
"Sporting Goods","1/11/2018 19:07","327.75"
"Sporting Goods","1/11/2018 18:46","327.75"
"Sporting Goods","1/11/2018 18:25","327.75"
"Sporting Goods","1/11/2018 18:04","327.75"
"Sporting Goods","1/11/2018 17:43","327.75"
"Sporting Goods","1/11/2018 17:22","327.75"
"Sporting Goods","1/11/2018 17:01","327.75"
"Sporting Goods","1/11/2018 16:40","327.75"
"Sporting Goods","1/11/2018 16:19","327.75"
"Sporting Goods","1/11/2018 15:58","327.75"
"Sporting Goods","1/11/2018 15:37","327.75"
"Sporting Goods","1/11/2018 15:16","327.75"
"Sporting Goods","1/11/2018 14:55","327.75"
"Sporting Goods","1/11/2018 14:34","327.75"
"Sporting Goods","1/11/2018 14:13","327.75"
"Sporting Goods","1/11/2018 13:52","327.75"
"Sporting Goods","1/11/2018 13:31","327.75"
"Sporting Goods","1/11/2018 13:10","327.75"
"Sporting Goods","1/11/2018 12:49","327.75"
"Sporting Goods","1/11/2018 12:28","327.75"
"Sporting Goods","1/11/2018 12:06","327.75"
"Sporting Goods","1/11/2018 11:45","327.75"
"Sporting Goods","1/11/2018 11:24","327.75"
"Sporting Goods","1/11/2018 11:03","327.75"
"Sporting Goods","1/11/2018 10:42","327.75"
"Women's Apparel","3/28/2015 0:55","150"
"Women's Apparel","2/15/2015 16:13","150"
"Cardio Equipment","12/23/2016 21:03","299.9700012"
"Shop By Sport","3/18/2016 8:50","119.9700012"
"Cardio Equipment","12/31/2016 15:47","299.9700012"
"Cleats","2/10/2016 9:25","179.9700012"
"Cleats","11/28/2016 1:18","179.9700012"
"Cleats","4/1/2016 20:01","179.9700012"
"Cleats","11/19/2015 5:51","179.9700012"
"Cleats","1/10/2016 15:14","179.9700012"
"Women's Apparel","4/1/2016 20:01","150"
"Shop By Sport","11/30/2015 2:09","119.9700012"
"Trade-In","1/31/2016 13:38","65.97000122"
"Trade-In","2/17/2016 23:35","47.97000122"
"Cleats","7/25/2016 14:47","179.9700012"
"Tennis & Racquet","4/13/2016 10:12","134.9700012"
"Cardio Equipment","5/20/2016 12:25","299.9700012"
"Cardio Equipment","7/3/2016 20:46","299.9700012"
"Cleats","7/3/2016 20:46","179.9700012"
"Women's Apparel","5/22/2016 14:10","150"
"Women's Apparel","8/8/2016 3:12","150"
"Cardio Equipment","11/20/2016 21:38","399.9599915"
"Electronics","10/15/2016 12:55","127.9599991"
"Cardio Equipment","7/22/2015 17:56","399.9599915"
"Electronics","9/7/2015 4:22","127.9599991"
"Cardio Equipment","6/15/2015 5:54","399.9599915"
"Cleats","8/4/2017 2:31","239.9600067"
"Cleats","9/8/2015 12:15","239.9600067"
"Cleats","7/7/2015 5:31","239.9600067"
"Women's Apparel","6/24/2015 5:21","200"
"Shop By Sport","9/24/2017 13:08","159.9600067"
"Women's Apparel","10/29/2016 18:30","200"
"Women's Apparel","8/4/2017 2:31","200"
"Women's Apparel","7/20/2015 11:58","200"
"Shop By Sport","12/25/2016 8:26","159.9600067"
"Women's Apparel","10/11/2015 19:44","200"
"Shop By Sport","7/22/2017 7:16","159.9600067"
"Accessories","12/25/2016 8:26","99.95999908"
"Cardio Equipment","1/27/2017 18:23","399.9599915"
"Cardio Equipment","4/30/2017 3:21","399.9599915"
"Cardio Equipment","4/7/2017 8:28","399.9599915"
"Cleats","2/15/2017 14:40","239.9600067"
"Cleats","5/7/2017 10:11","239.9600067"
"Cleats","4/1/2017 6:02","239.9600067"
"Women's Apparel","3/15/2015 14:05","200"
"Shop By Sport","2/15/2017 14:40","159.9600067"
"Women's Apparel","3/21/2017 7:37","200"
"Electronics","3/1/2017 3:05","207.9600067"
"Accessories","11/7/2015 2:22","99.95999908"
"Cleats","11/28/2016 1:18","239.9600067"
"Cleats","4/1/2016 0:03","239.9600067"
"Cleats","10/30/2016 3:37","239.9600067"
"Shop By Sport","12/26/2015 23:29","159.9600067"
"Women's Apparel","12/31/2016 15:47","200"
"Shop By Sport","12/1/2015 14:56","159.9600067"
"Women's Apparel","11/16/2015 16:53","200"
"Shop By Sport","11/11/2015 7:58","159.9600067"
"Women's Apparel","10/25/2016 14:39","200"
"Accessories","12/19/2015 15:58","99.95999908"
"Women's Apparel","7/25/2016 14:47","200"
"Electronics","4/13/2016 14:24","127.9599991"
"Cleats","7/5/2016 5:42","239.9600067"
"Cleats","7/6/2016 18:08","239.9600067"
"Cleats","4/10/2016 17:23","239.9600067"
"Cleats","6/13/2016 10:17","239.9600067"
"Cleats","7/6/2016 18:08","239.9600067"
"Shop By Sport","8/8/2016 3:12","159.9600067"
"Women's Apparel","8/8/2016 3:12","200"
"Cardio Equipment","12/7/2016 3:12","499.9500122"
"Women's Apparel","12/8/2016 0:14","250"
"Cardio Equipment","9/16/2015 15:24","499.9500122"
"Cardio Equipment","8/19/2015 3:10","499.9500122"
"Cleats","6/27/2015 18:29","299.9500122"
"Cleats","8/25/2017 10:44","299.9500122"
"Cleats","7/11/2015 19:10","299.9500122"
"Cleats","8/29/2015 0:42","299.9500122"
"Girls' Apparel","8/19/2015 3:10","199.9499969"
"Women's Apparel","8/7/2017 6:33","250"
"Women's Apparel","7/30/2015 23:31","250"
"Women's Apparel","7/20/2015 11:58","250"
"Shop By Sport","9/19/2017 7:43","199.9499969"
"Women's Apparel","8/7/2017 6:33","250"
"Women's Apparel","8/25/2017 10:44","250"
"Women's Apparel","8/10/2017 16:32","250"
"Girls' Apparel","6/24/2015 5:21","350"
"Women's Apparel","7/22/2015 17:56","250"
"Golf Balls","1/17/2017 18:23","99.94999695"
"Women's Apparel","2/6/2017 11:21","250"
"Electronics","2/15/2017 14:40","159.9499969"
"Strength Training","9/16/2017 0:32","399.9899902"
"Cardio Equipment","8/14/2015 2:18","99.98999786"
"Electronics","7/13/2015 0:57","27.98999977"
"Crafts","11/7/2017 16:56","461.480011"
"Men's Footwear","7/13/2015 3:24","129.9900055"
"Cleats","9/16/2017 0:32","299.9899902"
"Men's Footwear","10/2/2017 11:01","129.9900055"
"Men's Footwear","8/13/2017 22:39","129.9900055"
"Men's Footwear","8/8/2017 8:49","129.9900055"
"Men's Footwear","8/5/2015 13:42","129.9900055"
"Cleats","11/5/2016 17:58","59.99000168"
"Crafts","11/5/2017 14:08","461.480011"
"Men's Footwear","7/22/2017 19:53","129.9900055"
"Men's Footwear","10/8/2015 6:15","129.9900055"
"Men's Footwear","9/20/2015 21:00","129.9900055"
"Men's Footwear","6/8/2015 2:13","129.9900055"
"Men's Footwear","9/21/2017 4:33","129.9900055"
"Men's Footwear","8/14/2015 2:18","129.9900055"
"Crafts","11/6/2017 9:03","461.480011"
"Men's Footwear","10/2/2017 11:01","129.9900055"
"Men's Footwear","8/13/2017 22:39","129.9900055"
"Men's Footwear","9/5/2015 11:02","129.9900055"
"Cleats","12/25/2016 23:09","59.99000168"
"Men's Footwear","8/29/2015 1:24","129.9900055"
"Men's Footwear","6/8/2015 2:13","129.9900055"
"Cleats","8/7/2015 8:48","59.99000168"
"Men's Footwear","9/20/2015 19:36","129.9900055"
"Men's Footwear","6/8/2015 2:13","129.9900055"
"Cleats","7/6/2015 21:27","59.99000168"
"Men's Footwear","8/2/2015 20:32","129.9900055"
"Men's Footwear","6/10/2015 9:56","129.9900055"
"Men's Footwear","8/15/2017 17:24","129.9900055"
"Men's Footwear","9/18/2015 23:06","129.9900055"
"Men's Footwear","9/6/2015 2:48","129.9900055"
"Men's Footwear","7/23/2015 21:57","129.9900055"
"Men's Footwear","6/10/2015 9:56","129.9900055"
"Cleats","7/18/2015 17:14","59.99000168"
"Men's Footwear","10/9/2016 22:44","129.9900055"
"Cleats","7/10/2015 11:38","59.99000168"
"Men's Footwear","7/4/2015 2:32","129.9900055"
"Men's Footwear","8/30/2017 0:02","129.9900055"
"Men's Footwear","7/5/2017 15:32","129.9900055"
"Men's Footwear","10/4/2015 14:40","129.9900055"
"Men's Footwear","10/14/2015 5:54","129.9900055"
"Men's Footwear","8/6/2017 23:53","129.9900055"
"Men's Footwear","10/10/2015 21:19","129.9900055"
"Men's Footwear","8/6/2017 21:47","129.9900055"
"Men's Footwear","10/21/2015 4:19","129.9900055"
"Men's Footwear","9/24/2015 7:41","129.9900055"
"Men's Footwear","9/17/2015 23:17","129.9900055"
"Men's Footwear","10/17/2015 6:25","129.9900055"
"Men's Footwear","6/2/2015 10:38","129.9900055"
"Men's Footwear","8/1/2017 12:52","129.9900055"
"Men's Footwear","8/11/2015 21:03","129.9900055"
"Men's Footwear","7/25/2015 6:53","129.9900055"
"Cleats","8/1/2015 9:30","59.99000168"
"Cleats","7/5/2015 8:19","59.99000168"
"Men's Footwear","11/28/2016 3:24","129.9900055"
"Men's Footwear","9/22/2017 20:09","129.9900055"
"Men's Footwear","8/4/2015 0:13","129.9900055"
"Men's Footwear","8/27/2017 10:22","129.9900055"
"Men's Footwear","7/2/2015 23:13","129.9900055"
"Men's Footwear","9/15/2017 10:10","129.9900055"
"Men's Footwear","9/29/2015 9:36","129.9900055"
"Men's Footwear","9/19/2015 9:58","129.9900055"
"Men's Footwear","8/26/2015 22:57","129.9900055"
"Men's Footwear","8/4/2015 0:13","129.9900055"
"Men's Footwear","7/14/2015 18:17","129.9900055"
"Cleats","6/25/2017 18:00","59.99000168"
"Men's Footwear","7/3/2017 8:10","129.9900055"
"Men's Footwear","9/17/2017 8:46","129.9900055"
"Men's Footwear","9/15/2017 10:10","129.9900055"
"Men's Footwear","6/13/2015 14:39","129.9900055"
"Cleats","8/28/2016 16:50","59.99000168"
"Men's Footwear","9/29/2015 9:36","129.9900055"
"Men's Footwear","7/14/2015 18:17","129.9900055"
"Men's Footwear","7/3/2017 8:10","129.9900055"
"Children's Clothing","10/19/2017 11:10","357.1000061"
"Men's Footwear","9/16/2017 0:32","129.9900055"
"Men's Footwear","8/31/2015 13:19","129.9900055"
"Men's Footwear","8/1/2015 17:34","129.9900055"
"Men's Footwear","7/5/2015 8:19","129.9900055"
"Men's Footwear","8/16/2015 16:40","129.9900055"
"Men's Footwear","7/14/2015 18:17","129.9900055"
"Men's Footwear","10/20/2015 23:45","129.9900055"
"Cleats","6/29/2015 20:56","59.99000168"
"Crafts","11/6/2017 17:27","461.480011"
"Men's Footwear","8/26/2017 13:21","129.9900055"
"Men's Footwear","7/5/2015 8:19","129.9900055"
"Men's Footwear","10/6/2016 10:39","129.9900055"
"Cleats","2/20/2017 13:05","299.9500122"
"Cleats","2/13/2017 16:05","299.9500122"
"Cleats","4/20/2017 8:59","299.9500122"
"Cleats","3/17/2015 5:19","299.9500122"
"Cleats","5/14/2015 3:29","299.9500122"
"Cleats","3/6/2015 14:37","299.9500122"
"Cleats","5/17/2015 7:52","299.9500122"
"Cleats","5/17/2015 4:42","299.9500122"
"Cleats","5/1/2017 5:59","299.9500122"
"Cleats","3/7/2017 14:39","299.9500122"
"Shop By Sport","1/25/2017 8:34","199.9499969"
"Women's Apparel","3/4/2015 7:16","250"
"Shop By Sport","6/14/2017 11:53","199.9499969"
"Women's Apparel","1/30/2015 3:59","250"
"Girls' Apparel","2/21/2017 1:42","350"
"Women's Apparel","4/14/2017 6:32","250"
"Girls' Apparel","1/24/2017 7:21","125"
"Shop By Sport","3/18/2017 18:18","199.9499969"
"Shop By Sport","2/24/2017 11:41","199.9499969"
"Women's Apparel","5/15/2017 15:25","250"
"Women's Apparel","5/3/2015 18:02","250"
"Women's Apparel","4/29/2015 13:29","250"
"Women's Apparel","6/3/2017 2:58","250"
"Women's Apparel","2/2/2015 3:27","250"
"Girls' Apparel","2/21/2015 11:18","199.9499969"
"Shop By Sport","2/5/2015 10:17","199.9499969"
"Women's Apparel","3/16/2017 9:33","250"
"Women's Apparel","4/12/2017 12:29","250"
"Women's Apparel","5/28/2015 14:41","250"
"Women's Apparel","2/1/2017 17:09","250"
"Women's Apparel","5/10/2015 23:49","250"
"Shop By Sport","1/21/2015 5:13","199.9499969"
"Shop By Sport","5/14/2017 13:09","199.9499969"
"Women's Apparel","5/10/2015 3:08","250"
"Shop By Sport","4/25/2017 14:45","199.9499969"
"Women's Apparel","2/20/2017 0:50","250"
"Girls' Apparel","3/23/2017 3:25","350"
"Electronics","4/13/2017 22:07","239.9499969"
"Accessories","5/8/2015 9:27","124.9499969"
"Electronics","1/17/2015 2:46","239.9499969"
"Accessories","1/27/2015 5:13","124.9499969"
"Accessories","1/24/2015 20:06","124.9499969"
"Trade-In","2/21/2017 1:42","79.94999695"
"Accessories","5/28/2015 14:41","124.9499969"
"Cleats","4/1/2015 3:22","299.9500122"
"Cleats","6/1/2017 13:28","299.9500122"
"Cleats","1/9/2015 10:50","299.9500122"
"Cleats","4/1/2017 0:25","299.9500122"
"Cleats","4/6/2015 4:35","299.9500122"
"Cleats","5/1/2017 0:02","299.9500122"
"Shop By Sport","2/22/2015 21:38","199.9499969"
"Women's Apparel","2/2/2017 18:01","250"
"Women's Apparel","5/9/2017 17:32","250"
"Girls' Apparel","3/28/2015 9:20","350"
"Women's Apparel","2/9/2017 8:01","250"
"Girls' Apparel","5/13/2015 6:49","150"
"Women's Apparel","6/15/2017 13:27","250"
"Shop By Sport","3/28/2015 9:20","199.9499969"
"Cardio Equipment","2/9/2016 22:54","499.9500122"
"Cardio Equipment","12/23/2015 22:37","499.9500122"
"Cardio Equipment","3/30/2016 15:07","499.9500122"
"Baseball & Softball","3/25/2016 14:57","174.9499969"
"Electronics","1/13/2016 16:48","159.9499969"
"Cardio Equipment","3/22/2016 12:20","150"
"Cardio Equipment","11/2/2015 12:42","499.9500122"
"Cardio Equipment","10/28/2016 7:28","499.9500122"
"Cardio Equipment","3/9/2016 23:44","499.9500122"
"Cardio Equipment","9/16/2016 10:20","499.9500122"
"Cardio Equipment","12/15/2015 15:58","499.9500122"
"Electronics","9/27/2016 21:00","159.9499969"
"Cardio Equipment","11/29/2016 10:14","499.9500122"
"Cleats","11/6/2015 8:09","299.9500122"
"Cleats","12/5/2015 0:13","299.9500122"
"Cleats","11/29/2015 23:21","299.9500122"
"Cleats","1/7/2016 0:42","299.9500122"
"Cleats","11/18/2016 10:04","299.9500122"
"Cleats","9/14/2016 16:38","299.9500122"
"Cleats","12/9/2015 22:38","299.9500122"
"Cleats","2/3/2016 17:39","299.9500122"
"Cleats","11/2/2015 12:42","299.9500122"
"Cleats","2/7/2016 5:23","299.9500122"
"Shop By Sport","2/23/2016 7:28","199.9499969"
"Women's Apparel","11/17/2016 5:41","250"
"Women's Apparel","11/29/2016 10:14","250"
"Shop By Sport","11/17/2015 17:46","199.9499969"
"Women's Apparel","1/3/2017 4:03","250"
"Women's Apparel","10/13/2016 6:58","250"
"Women's Apparel","11/6/2015 9:33","250"
"Women's Apparel","11/6/2015 8:30","250"
"Women's Apparel","1/16/2016 14:10","250"
"Cardio Equipment","10/10/2016 11:42","399.9599915"
"Cardio Equipment","12/24/2016 14:13","399.9599915"
"Cleats","9/6/2016 12:48","239.9600067"
"Cleats","11/27/2016 17:56","239.9600067"
"Cleats","11/3/2016 9:13","239.9600067"
"Cleats","10/17/2016 23:25","239.9600067"
"Cleats","1/9/2017 21:54","239.9600067"
"Cleats","12/22/2016 18:26","239.9600067"
"Shop By Sport","11/30/2016 18:27","159.9600067"
"Shop By Sport","10/22/2016 12:23","159.9600067"
"Women's Apparel","9/3/2016 5:58","200"
"Women's Apparel","8/29/2016 20:10","200"
"Women's Apparel","11/3/2016 9:13","200"
"Shop By Sport","9/1/2016 22:47","159.9600067"
"Shop By Sport","9/19/2016 6:18","159.9600067"
"Women's Apparel","10/14/2016 3:59","200"
"Women's Apparel","9/23/2016 13:39","200"
"Shop By Sport","1/9/2017 21:54","159.9600067"
"Women's Apparel","11/30/2016 11:06","200"
"Golf Balls","12/14/2016 19:50","79.95999908"
"Tennis & Racquet","10/8/2016 3:39","179.9600067"
"Cardio Equipment","8/30/2016 2:28","399.9599915"
"Cleats","11/2/2016 6:56","239.9600067"
"Women's Apparel","10/10/2016 21:09","200"
"Shop By Sport","12/19/2016 10:54","159.9600067"
"Girls' Apparel","11/29/2016 8:07","280"
"Shop By Sport","11/24/2016 6:33","159.9600067"
"Women's Apparel","11/2/2016 6:56","200"
"Electronics","8/30/2016 2:28","207.9600067"
"Cardio Equipment","7/27/2017 5:41","399.9599915"
"Cleats","7/14/2015 2:31","239.9600067"
"Cleats","7/5/2017 12:22","239.9600067"
"Cleats","7/23/2015 11:06","239.9600067"
"Cleats","11/15/2016 2:11","239.9600067"
"Cleats","8/31/2015 3:51","239.9600067"
"Cleats","7/6/2017 7:18","239.9600067"
"Women's Apparel","9/4/2017 10:22","200"
"Shop By Sport","7/11/2017 20:25","159.9600067"
"Women's Apparel","10/14/2015 17:07","200"
"Women's Apparel","8/13/2017 5:50","200"
"Women's Apparel","7/6/2017 7:18","200"
"Women's Apparel","9/11/2015 10:40","200"
"Shop By Sport","7/14/2015 2:31","159.9600067"
"Women's Apparel","9/24/2015 4:52","200"
"Shop By Sport","9/4/2017 10:01","159.9600067"
"Women's Apparel","9/1/2017 14:03","200"
"Women's Apparel","9/1/2017 14:03","200"
"Accessories","12/4/2016 11:48","99.95999908"
"Lacrosse","8/11/2015 7:44","99.95999908"
"Baseball & Softball","6/2/2015 13:06","239.9600067"
"Cardio Equipment","6/2/2015 15:54","399.9599915"
"Cardio Equipment","7/26/2017 11:28","399.9599915"
"Cardio Equipment","7/21/2017 21:07","399.9599915"
"Cardio Equipment","10/7/2015 22:33","399.9599915"
"Cardio Equipment","9/5/2017 16:50","399.9599915"
"Cardio Equipment","8/11/2017 9:21","399.9599915"
"Cardio Equipment","8/28/2015 21:54","399.9599915"
"Electronics","6/22/2015 13:25","127.9599991"
"Cardio Equipment","10/13/2015 1:10","399.9599915"
"Electronics","12/27/2016 9:50","179.9600067"
"Cardio Equipment","8/22/2015 17:43","399.9599915"
"Cardio Equipment","9/11/2015 5:04","399.9599915"
"Cardio Equipment","10/12/2015 13:58","399.9599915"
"Cardio Equipment","7/5/2017 13:25","399.9599915"
"Cardio Equipment","6/20/2015 9:34","399.9599915"
"Cardio Equipment","9/17/2017 16:07","399.9599915"
"Cardio Equipment","7/18/2015 11:59","399.9599915"
"Cleats","6/1/2015 13:37","239.9600067"
"Cleats","7/10/2017 7:38","239.9600067"
"Cleats","7/16/2017 4:08","239.9600067"
"Cleats","6/25/2017 7:08","239.9600067"
"Cleats","7/5/2017 23:14","239.9600067"
"Cleats","6/8/2015 10:59","239.9600067"
"Cleats","8/3/2015 8:27","239.9600067"
"Cleats","8/24/2017 18:37","239.9600067"
"Cleats","8/6/2015 20:11","239.9600067"
"Cleats","12/28/2016 12:28","239.9600067"
"Cleats","6/30/2015 21:28","239.9600067"
"Cleats","8/19/2017 22:39","239.9600067"
"Cleats","7/31/2017 23:33","239.9600067"
"Cleats","8/12/2017 5:40","239.9600067"
"Cleats","10/16/2015 0:38","239.9600067"
"Cleats","9/13/2017 1:04","239.9600067"
"Cleats","9/13/2017 1:04","239.9600067"
"Cleats","9/17/2017 16:07","239.9600067"
"Cleats","9/9/2017 1:04","239.9600067"
"Cleats","11/15/2016 1:50","239.9600067"
"Cleats","6/28/2017 12:13","239.9600067"
"Cleats","6/2/2015 13:06","239.9600067"
"Cleats","9/23/2015 20:28","239.9600067"
"Cleats","9/4/2015 3:30","239.9600067"
"Men's Footwear","12/28/2015 11:34","129.9900055"
"Men's Footwear","11/11/2015 3:45","129.9900055"
"Men's Footwear","1/25/2016 7:20","129.9900055"
"Men's Footwear","11/17/2015 17:04","129.9900055"
"Women's Clothing","1/26/2018 19:16","215.8200073"
"Men's Footwear","2/4/2016 8:01","129.9900055"
"Men's Footwear","3/3/2016 10:47","129.9900055"
"Men's Footwear","3/24/2016 11:38","129.9900055"
"Children's Clothing","12/22/2017 20:12","357.1000061"
"Men's Footwear","12/25/2015 11:24","129.9900055"
"Cleats","12/20/2015 16:29","59.99000168"
"Men's Footwear","1/27/2016 12:14","129.9900055"
"Men's Footwear","12/5/2015 19:29","129.9900055"
"Men's Footwear","11/16/2015 4:59","129.9900055"
"Men's Footwear","11/17/2016 4:59","129.9900055"
"Men's Footwear","9/9/2016 1:03","129.9900055"
"Men's Footwear","1/9/2017 0:53","129.9900055"
"Men's Footwear","12/28/2015 11:34","129.9900055"
"Men's Footwear","11/16/2015 18:38","129.9900055"
"Men's Clothing","11/23/2017 11:18","210.8500061"
"Men's Footwear","2/4/2016 8:01","129.9900055"
"Men's Footwear","11/17/2015 15:19","129.9900055"
"Men's Footwear","3/30/2016 23:32","129.9900055"
"Cleats","11/16/2015 18:17","59.99000168"
"Men's Clothing","11/23/2017 17:36","210.8500061"
"Men's Footwear","1/28/2016 2:15","129.9900055"
"Women's Clothing","1/28/2018 21:22","215.8200073"
"Men's Footwear","11/29/2015 16:42","129.9900055"
"Men's Footwear","12/23/2015 17:22","129.9900055"
"Men's Footwear","2/13/2016 2:13","129.9900055"
"Men's Footwear","1/27/2016 12:14","129.9900055"
"Men's Footwear","11/16/2015 4:59","129.9900055"
"Cleats","11/30/2016 4:48","59.99000168"
"Cleats","2/12/2016 12:34","59.99000168"
"Men's Footwear","12/1/2015 6:32","129.9900055"
"Men's Footwear","3/28/2016 11:16","129.9900055"
"Men's Footwear","1/18/2016 4:43","129.9900055"
"Men's Footwear","12/21/2015 21:55","129.9900055"
"Men's Footwear","11/7/2015 10:25","129.9900055"
"Men's Footwear","3/30/2016 23:32","129.9900055"
"Men's Footwear","3/24/2016 7:25","129.9900055"
"Men's Footwear","2/2/2016 3:28","129.9900055"
"Women's Clothing","1/26/2018 18:34","215.8200073"
"Men's Footwear","11/16/2015 18:17","129.9900055"
"Men's Footwear","11/9/2015 11:28","129.9900055"
"Men's Footwear","1/1/2016 15:46","129.9900055"
"Men's Footwear","12/23/2015 17:22","129.9900055"
"Men's Footwear","12/14/2015 12:18","129.9900055"
"Men's Footwear","11/8/2015 15:09","129.9900055"
"Men's Footwear","11/21/2015 9:42","129.9900055"
"Cleats","12/28/2016 0:54","59.99000168"
"Men's Footwear","11/17/2016 17:15","129.9900055"
"Men's Footwear","8/31/2016 8:36","129.9900055"
"Men's Footwear","12/25/2016 0:02","129.9900055"
"Men's Footwear","9/6/2016 23:39","129.9900055"
"Cleats","1/16/2016 1:13","59.99000168"
"Men's Footwear","3/10/2016 4:59","129.9900055"
"Men's Footwear","2/5/2016 19:03","129.9900055"
"Men's Footwear","11/8/2015 1:08","129.9900055"
"Men's Footwear","12/6/2015 15:06","129.9900055"
"Cleats","12/13/2015 0:55","59.99000168"
"Men's Footwear","2/9/2016 18:21","129.9900055"
"Men's Footwear","3/21/2016 11:48","129.9900055"
"Men's Footwear","11/7/2015 10:25","129.9900055"
"Men's Footwear","3/23/2016 12:30","129.9900055"
"Men's Footwear","3/18/2016 15:08","129.9900055"
"Men's Footwear","3/24/2016 7:25","129.9900055"
"Men's Footwear","3/14/2016 13:24","129.9900055"
"Baby","12/19/2017 1:06","59.08000183"
"Men's Clothing","11/23/2017 16:54","210.8500061"
"Men's Footwear","1/1/2016 15:46","129.9900055"
"Children's Clothing","12/22/2017 19:09","357.1000061"
"Cleats","11/22/2015 11:16","59.99000168"
"Men's Footwear","12/25/2015 9:18","129.9900055"
"Cleats","10/14/2016 14:09","59.99000168"
"Men's Footwear","12/15/2016 13:00","129.9900055"
"Men's Footwear","11/25/2016 20:02","129.9900055"
"Men's Footwear","11/17/2016 17:15","129.9900055"
"Men's Footwear","9/23/2016 10:30","129.9900055"
"Men's Footwear","12/29/2016 5:38","129.9900055"
"Men's Footwear","9/6/2016 23:39","129.9900055"
"Men's Footwear","12/28/2015 7:22","129.9900055"
"Men's Footwear","12/25/2015 7:54","129.9900055"
"Women's Clothing","12/14/2017 20:12","215.8200073"
"Men's Footwear","2/9/2016 18:21","129.9900055"
"Men's Footwear","2/18/2016 21:40","129.9900055"
"Men's Footwear","12/9/2015 9:19","129.9900055"
"Baby","12/19/2017 0:45","59.08000183"
"Men's Footwear","1/6/2017 16:08","129.9900055"
"Men's Footwear","1/5/2017 8:57","129.9900055"
"Cardio Equipment","6/21/2017 22:12","499.9500122"
"Cardio Equipment","9/11/2017 2:07","499.9500122"
"Cardio Equipment","9/2/2017 0:33","499.9500122"
"Cardio Equipment","9/12/2015 23:07","499.9500122"
"Cardio Equipment","8/28/2015 15:57","499.9500122"
"Cardio Equipment","8/10/2017 11:16","499.9500122"
"Cardio Equipment","9/12/2015 16:48","499.9500122"
"Cardio Equipment","7/20/2017 8:40","499.9500122"
"Cardio Equipment","9/5/2015 16:38","150"
"Cardio Equipment","8/27/2015 22:26","499.9500122"
"Cardio Equipment","8/31/2017 16:19","499.9500122"
"Cardio Equipment","6/4/2015 11:41","499.9500122"
"Cardio Equipment","9/11/2015 12:26","499.9500122"
"Electronics","10/24/2015 4:29","159.9499969"
"Cardio Equipment","7/29/2015 23:00","499.9500122"
"Cardio Equipment","7/24/2017 4:49","499.9500122"
"Cardio Equipment","9/9/2017 7:02","499.9500122"
"Cardio Equipment","8/19/2017 7:35","499.9500122"
"Cardio Equipment","7/30/2017 23:44","499.9500122"
"Cardio Equipment","10/7/2015 19:03","499.9500122"
"Cardio Equipment","8/26/2015 21:54","499.9500122"
"Cardio Equipment","9/9/2015 11:23","499.9500122"
"Cardio Equipment","9/23/2017 20:19","499.9500122"
"Cardio Equipment","11/24/2016 12:10","499.9500122"
"Cardio Equipment","9/9/2015 5:25","499.9500122"
"Cardio Equipment","8/5/2017 6:54","499.9500122"
"Cardio Equipment","9/16/2017 23:18","499.9500122"
"Cleats","8/25/2015 17:32","299.9500122"
"Cleats","6/16/2015 6:25","299.9500122"
"Cleats","9/11/2015 18:44","299.9500122"
"Cleats","6/24/2015 16:34","299.9500122"
"Cleats","11/6/2016 22:21","299.9500122"
"Cleats","8/25/2015 17:32","299.9500122"
"Cleats","10/19/2015 13:04","299.9500122"
"Cleats","8/19/2015 10:32","299.9500122"
"Cleats","6/16/2015 1:52","299.9500122"
"Cleats","6/27/2017 20:06","299.9500122"
"Cleats","6/11/2015 18:31","299.9500122"
"Cleats","8/9/2017 9:00","299.9500122"
"Cleats","10/10/2016 17:39","299.9500122"
"Cleats","9/16/2016 12:26","299.9500122"
"Cleats","8/2/2017 2:53","299.9500122"
"Cleats","8/24/2017 15:06","299.9500122"
"Cleats","10/16/2016 4:41","299.9500122"
"Cleats","11/17/2016 2:32","299.9500122"
"Cleats","6/3/2015 6:58","299.9500122"
"Cleats","7/20/2017 22:41","299.9500122"
"Cleats","6/27/2017 12:02","299.9500122"
"Cleats","7/22/2015 23:53","299.9500122"
"Cleats","7/17/2017 1:09","299.9500122"
"Cleats","9/27/2015 6:48","299.9500122"
"Cleats","9/13/2015 19:05","299.9500122"
"Cleats","10/10/2015 4:51","299.9500122"
"Cleats","7/25/2017 10:15","299.9500122"
"Cleats","8/5/2017 16:01","299.9500122"
"Cleats","8/28/2015 1:35","299.9500122"
"Cleats","9/9/2017 20:41","299.9500122"
"Cleats","9/5/2017 13:41","299.9500122"
"Cleats","7/13/2017 17:37","299.9500122"
"Cleats","10/9/2015 20:27","299.9500122"
"Cleats","12/29/2016 22:27","299.9500122"
"Cleats","6/21/2015 11:50","299.9500122"
"Cleats","12/29/2016 22:27","299.9500122"
"Cleats","9/2/2015 17:52","299.9500122"
"Cleats","6/19/2017 3:17","299.9500122"
"Cleats","7/16/2017 2:43","299.9500122"
"Cleats","9/16/2015 17:51","299.9500122"
"Cleats","7/3/2015 0:58","299.9500122"
"Cleats","7/25/2015 19:30","299.9500122"
"Cleats","8/23/2015 23:29","299.9500122"
"Cleats","8/2/2015 23:42","299.9500122"
"Cleats","8/31/2016 23:19","299.9500122"
"Cleats","7/30/2017 12:52","299.9500122"
"Cleats","6/4/2015 12:23","299.9500122"
"Cleats","10/23/2016 3:06","299.9500122"
"Cleats","8/14/2015 15:37","299.9500122"
"Cleats","8/23/2015 21:44","299.9500122"
"Cleats","6/4/2015 11:41","299.9500122"
"Cleats","6/18/2017 3:28","299.9500122"
"Cleats","9/25/2017 2:06","299.9500122"
"Cleats","1/8/2017 10:52","299.9500122"
"Cleats","9/6/2016 8:36","299.9500122"
"Cleats","7/17/2015 11:06","299.9500122"
"Cleats","9/22/2015 17:08","299.9500122"
"Cleats","8/10/2015 20:32","299.9500122"
"Cleats","9/25/2017 0:21","299.9500122"
"Cleats","11/15/2016 0:26","299.9500122"
"Cleats","7/23/2017 2:53","299.9500122"
"Cleats","9/5/2015 16:38","299.9500122"
"Cleats","9/22/2015 11:53","299.9500122"
"Cleats","8/1/2015 7:03","299.9500122"
"Cleats","7/24/2015 5:19","299.9500122"
"Accessories","1/14/2015 5:03","49.97999954"
"Trade-In","3/21/2015 23:11","31.97999954"
"Electronics","1/20/2017 5:57","63.97999954"
"Cardio Equipment","5/28/2015 15:44","199.9799957"
"Cardio Equipment","1/26/2015 14:51","199.9799957"
"Cardio Equipment","5/27/2015 4:00","199.9799957"
"Cardio Equipment","1/30/2015 1:11","199.9799957"
"Cleats","2/5/2017 20:17","119.9800034"
"Cleats","2/5/2017 20:17","119.9800034"
"Cleats","2/4/2015 0:39","119.9800034"
"Women's Apparel","5/30/2015 23:47","100"
"Women's Apparel","2/12/2015 11:30","100"
"Shop By Sport","2/20/2017 22:54","79.98000336"
"Women's Apparel","2/20/2017 22:54","100"
"Cleats","1/10/2016 23:18","119.9800034"
"Cleats","12/15/2016 14:24","119.9800034"
"Cleats","1/10/2016 23:18","119.9800034"
"Women's Apparel","11/27/2016 22:08","100"
"Accessories","10/23/2016 19:55","49.97999954"
"Cardio Equipment","9/27/2016 6:59","199.9799957"
"Boxing & MMA","11/24/2015 23:11","109.9400024"
"Cardio Equipment","3/12/2016 3:56","199.9799957"
"Cardio Equipment","11/6/2015 9:54","199.9799957"
"Cardio Equipment","11/21/2015 22:40","199.9799957"
"Cardio Equipment","12/29/2015 18:45","199.9799957"
"Cardio Equipment","12/11/2015 6:31","199.9799957"
"Cardio Equipment","3/27/2016 23:22","199.9799957"
"Boxing & MMA","12/19/2015 1:15","109.9400024"
"Electronics","9/9/2016 6:40","63.97999954"
"Cleats","11/6/2015 9:54","119.9800034"
"Cleats","11/13/2015 17:04","119.9800034"
"Cleats","11/13/2015 14:58","119.9800034"
"Cleats","12/15/2015 13:10","119.9800034"
"Cleats","3/17/2016 0:57","119.9800034"
"Cleats","3/12/2016 0:47","119.9800034"
"Cleats","11/21/2015 22:40","119.9800034"
"Women's Apparel","10/28/2015 14:38","100"
"Women's Apparel","2/29/2016 21:07","100"
"Women's Apparel","11/13/2015 17:25","100"
"Women's Apparel","11/2/2015 8:09","100"
"Shop By Sport","3/13/2016 7:37","79.98000336"
"Girls' Apparel","10/20/2016 17:17","79.98000336"
"Women's Apparel","1/28/2016 5:45","100"
"Shop By Sport","12/13/2015 16:40","79.98000336"
"Shop By Sport","11/27/2015 1:38","79.98000336"
"Women's Apparel","3/11/2016 21:38","100"
"Women's Apparel","10/30/2015 23:03","100"
"Women's Apparel","3/17/2016 19:31","100"
"Shop By Sport","3/31/2016 14:15","79.98000336"
"Electronics","1/30/2016 5:24","63.97999954"
"Electronics","11/3/2016 13:04","95.98000336"
"Golf Balls","1/30/2016 5:24","39.97999954"
"Golf Balls","10/30/2015 23:03","39.97999954"
"Golf Balls","12/19/2015 1:15","39.97999954"
"Electronics","11/13/2015 14:58","95.98000336"
"Baseball & Softball","1/22/2016 23:17","119.9800034"
"Cardio Equipment","9/26/2016 12:25","199.9799957"
"Cardio Equipment","9/26/2016 12:25","199.9799957"
"Electronics","3/28/2016 12:19","55.97999954"
"Cardio Equipment","12/2/2015 13:22","199.9799957"
"Cardio Equipment","3/13/2016 19:32","199.9799957"
"Cardio Equipment","2/22/2016 0:17","199.9799957"
"Cardio Equipment","3/28/2016 12:19","199.9799957"
"Cardio Equipment","10/31/2015 5:21","199.9799957"
"Cardio Equipment","9/29/2016 0:41","199.9799957"
"Cardio Equipment","12/16/2015 20:21","199.9799957"
"Cleats","11/3/2015 18:29","119.9800034"
"Cleats","1/30/2016 4:42","119.9800034"
"Cleats","1/9/2016 18:34","119.9800034"
"Cleats","3/18/2016 19:21","119.9800034"
"Cleats","3/3/2016 6:14","119.9800034"
"Cleats","4/1/2016 10:34","119.9800034"
"Cleats","12/29/2015 7:12","119.9800034"
"Cleats","1/13/2016 7:00","119.9800034"
"Cleats","9/7/2016 8:04","119.9800034"
"Cleats","10/19/2016 9:45","119.9800034"
"Shop By Sport","10/31/2016 11:30","79.98000336"
"Women's Apparel","11/2/2015 12:00","100"
"Women's Apparel","12/9/2015 12:08","100"
"Women's Apparel","10/8/2016 21:31","100"
"Shop By Sport","2/8/2016 13:37","79.98000336"
"Shop By Sport","12/30/2015 3:31","79.98000336"
"Shop By Sport","9/7/2016 7:22","79.98000336"
"Women's Apparel","11/8/2016 7:59","100"
"Girls' Apparel","11/2/2015 12:00","60"
"Women's Apparel","12/13/2016 23:52","100"
"Women's Apparel","11/25/2015 3:44","100"
"Shop By Sport","3/24/2016 7:46","79.98000336"
"Women's Apparel","3/28/2016 18:38","100"
"Women's Apparel","1/30/2016 4:42","100"
"Sporting Goods","1/11/2018 10:21","327.75"
"Sporting Goods","1/11/2018 10:00","327.75"
"Sporting Goods","1/11/2018 9:39","327.75"
"Sporting Goods","1/11/2018 9:18","327.75"
"Sporting Goods","1/11/2018 8:57","327.75"
"Sporting Goods","1/11/2018 8:36","327.75"
"Sporting Goods","1/11/2018 8:15","327.75"
"Sporting Goods","1/11/2018 7:54","327.75"
"Sporting Goods","1/11/2018 7:33","327.75"
"Sporting Goods","1/11/2018 7:12","327.75"
"Sporting Goods","1/11/2018 6:51","327.75"
"Sporting Goods","1/11/2018 6:30","327.75"
"Sporting Goods","1/11/2018 6:09","327.75"
"Sporting Goods","1/11/2018 5:48","327.75"
"Sporting Goods","1/11/2018 5:27","327.75"
"Sporting Goods","1/11/2018 5:06","327.75"
"Sporting Goods","1/11/2018 4:45","327.75"
"Sporting Goods","1/11/2018 4:24","327.75"
"Sporting Goods","1/11/2018 4:03","327.75"
"Sporting Goods","1/11/2018 3:42","327.75"
"Sporting Goods","1/11/2018 3:21","327.75"
"Sporting Goods","1/11/2018 3:00","327.75"
"Sporting Goods","1/11/2018 2:39","327.75"
"Sporting Goods","1/11/2018 2:18","327.75"
"Sporting Goods","1/11/2018 1:57","327.75"
"Sporting Goods","1/11/2018 1:36","327.75"
"Sporting Goods","1/11/2018 1:15","327.75"
"Sporting Goods","1/11/2018 0:54","327.75"
"Sporting Goods","1/11/2018 0:33","327.75"
"Sporting Goods","1/11/2018 0:12","327.75"
"Sporting Goods","1/10/2018 23:51","327.75"
"Sporting Goods","1/10/2018 23:30","327.75"
"Sporting Goods","1/10/2018 23:09","327.75"
"Sporting Goods","1/10/2018 22:48","327.75"
"Sporting Goods","1/10/2018 22:27","327.75"
"Sporting Goods","1/10/2018 22:06","327.75"
"Sporting Goods","1/10/2018 21:45","327.75"
"Sporting Goods","1/10/2018 21:24","327.75"
"Sporting Goods","1/10/2018 21:03","327.75"
"Sporting Goods","1/10/2018 20:42","327.75"
"Sporting Goods","1/10/2018 20:21","327.75"
"Sporting Goods","1/10/2018 20:00","327.75"
"Sporting Goods","1/10/2018 19:39","327.75"
"Sporting Goods","1/10/2018 19:17","327.75"
"Sporting Goods","1/10/2018 18:56","327.75"
"Sporting Goods","1/10/2018 18:35","327.75"
"Sporting Goods","1/10/2018 18:14","327.75"
"Sporting Goods","1/10/2018 17:53","327.75"
"Sporting Goods","1/10/2018 17:32","327.75"
"Sporting Goods","1/10/2018 17:11","327.75"
"Sporting Goods","1/10/2018 16:50","327.75"
"Sporting Goods","1/10/2018 16:29","327.75"
"Sporting Goods","1/10/2018 16:08","327.75"
"Sporting Goods","1/10/2018 15:47","327.75"
"Sporting Goods","1/10/2018 15:26","327.75"
"Sporting Goods","1/10/2018 15:05","327.75"
"Sporting Goods","1/10/2018 14:44","327.75"
"Sporting Goods","1/10/2018 14:23","327.75"
"Sporting Goods","1/10/2018 14:02","327.75"
"Sporting Goods","1/10/2018 13:41","327.75"
"Sporting Goods","1/10/2018 13:20","327.75"
"Sporting Goods","1/10/2018 12:59","327.75"
"Sporting Goods","1/10/2018 12:38","327.75"
"Sporting Goods","1/10/2018 12:17","327.75"
"Sporting Goods","1/10/2018 11:56","327.75"
"Sporting Goods","1/10/2018 11:35","327.75"
"Sporting Goods","1/10/2018 11:14","327.75"
"Sporting Goods","1/10/2018 10:53","327.75"
"Sporting Goods","12/4/2017 20:13","327.75"
"Sporting Goods","12/4/2017 19:52","327.75"
"Sporting Goods","12/4/2017 19:31","327.75"
"Sporting Goods","12/4/2017 19:10","327.75"
"Sporting Goods","12/4/2017 18:49","327.75"
"Sporting Goods","12/4/2017 18:28","327.75"
"Sporting Goods","12/4/2017 18:07","327.75"
"Sporting Goods","12/4/2017 17:46","327.75"
"Sporting Goods","12/4/2017 17:25","327.75"
"Sporting Goods","12/4/2017 17:04","327.75"
"Sporting Goods","12/4/2017 16:43","327.75"
"Sporting Goods","12/4/2017 16:22","327.75"
"Sporting Goods","12/4/2017 16:01","327.75"
"Sporting Goods","12/4/2017 15:40","327.75"
"Sporting Goods","12/4/2017 15:19","327.75"
"Sporting Goods","12/4/2017 14:58","327.75"
"Sporting Goods","12/4/2017 14:37","327.75"
"Sporting Goods","12/4/2017 14:16","327.75"
"Sporting Goods","12/4/2017 13:55","327.75"
"Sporting Goods","12/4/2017 13:34","327.75"
"Sporting Goods","12/4/2017 13:13","327.75"
"Sporting Goods","12/4/2017 12:52","327.75"
"Sporting Goods","12/4/2017 12:31","327.75"
"Sporting Goods","12/4/2017 12:10","327.75"
"Sporting Goods","12/4/2017 11:49","327.75"
"Sporting Goods","12/4/2017 11:28","327.75"
"Sporting Goods","12/4/2017 11:07","327.75"
"Sporting Goods","12/4/2017 10:46","327.75"
"Sporting Goods","12/4/2017 10:25","327.75"
"Sporting Goods","12/4/2017 10:04","327.75"
"Sporting Goods","12/4/2017 9:43","327.75"
"Sporting Goods","12/4/2017 9:22","327.75"
"Sporting Goods","12/4/2017 9:00","327.75"
"Sporting Goods","12/4/2017 8:39","327.75"
"Sporting Goods","12/4/2017 8:18","327.75"
"Sporting Goods","12/4/2017 7:57","327.75"
"Sporting Goods","12/4/2017 7:36","327.75"
"Sporting Goods","12/4/2017 7:15","327.75"
"Sporting Goods","12/4/2017 6:54","327.75"
"Sporting Goods","12/4/2017 6:33","327.75"
"Sporting Goods","12/4/2017 6:12","327.75"
"Sporting Goods","12/4/2017 5:51","327.75"
"Sporting Goods","12/4/2017 5:30","327.75"
"Sporting Goods","12/4/2017 5:09","327.75"
"Sporting Goods","12/4/2017 4:48","327.75"
"Sporting Goods","12/4/2017 4:27","327.75"
"Sporting Goods","12/4/2017 4:06","327.75"
"Sporting Goods","12/4/2017 3:45","327.75"
"Sporting Goods","12/4/2017 3:24","327.75"
"Sporting Goods","12/4/2017 3:03","327.75"
"Sporting Goods","12/4/2017 2:42","327.75"
"Sporting Goods","12/4/2017 2:21","327.75"
"Sporting Goods","12/4/2017 2:00","327.75"
"Sporting Goods","12/4/2017 1:39","327.75"
"Sporting Goods","12/4/2017 1:18","327.75"
"Sporting Goods","12/4/2017 0:57","327.75"
"Sporting Goods","12/4/2017 0:36","327.75"
"Sporting Goods","12/4/2017 0:15","327.75"
"Sporting Goods","12/3/2017 23:54","327.75"
"Sporting Goods","12/3/2017 23:33","327.75"
"Sporting Goods","12/3/2017 23:12","327.75"
"Sporting Goods","12/3/2017 22:51","327.75"
"Sporting Goods","12/3/2017 22:30","327.75"
"Sporting Goods","12/3/2017 22:09","327.75"
"Sporting Goods","12/3/2017 21:48","327.75"
"Sporting Goods","12/3/2017 21:27","327.75"
"Sporting Goods","12/3/2017 21:06","327.75"
"Sporting Goods","12/3/2017 20:45","327.75"
"Sporting Goods","12/3/2017 20:24","327.75"
"Sporting Goods","12/3/2017 20:03","327.75"
"Sporting Goods","12/3/2017 19:42","327.75"
"Sporting Goods","12/3/2017 19:21","327.75"
"Sporting Goods","12/3/2017 19:00","327.75"
"Sporting Goods","12/3/2017 18:39","327.75"
"Sporting Goods","12/3/2017 18:18","327.75"
"Sporting Goods","12/3/2017 17:57","327.75"
"Sporting Goods","12/3/2017 17:36","327.75"
"Sporting Goods","12/3/2017 17:15","327.75"
"Sporting Goods","12/3/2017 16:54","327.75"
"Sporting Goods","12/3/2017 16:33","327.75"
"Sporting Goods","12/3/2017 16:11","327.75"
"Sporting Goods","12/3/2017 15:50","327.75"
"Sporting Goods","12/3/2017 15:29","327.75"
"Sporting Goods","12/3/2017 15:08","327.75"
"Sporting Goods","12/3/2017 14:47","327.75"
"Sporting Goods","12/3/2017 14:26","327.75"
"Sporting Goods","12/3/2017 14:05","327.75"
"Sporting Goods","12/3/2017 13:44","327.75"
"Sporting Goods","12/3/2017 13:23","327.75"
"Sporting Goods","12/3/2017 13:02","327.75"
"Sporting Goods","12/3/2017 12:41","327.75"
"Sporting Goods","12/3/2017 12:20","327.75"
"Sporting Goods","12/3/2017 11:59","327.75"
"Sporting Goods","12/3/2017 11:38","327.75"
"Sporting Goods","12/3/2017 11:17","327.75"
"Sporting Goods","12/3/2017 10:56","327.75"
"Sporting Goods","12/3/2017 10:35","327.75"
"Sporting Goods","12/3/2017 10:14","327.75"
"Sporting Goods","12/3/2017 9:53","327.75"
"Sporting Goods","12/3/2017 9:32","327.75"
"Sporting Goods","12/3/2017 9:11","327.75"
"Sporting Goods","12/3/2017 8:50","327.75"
"Sporting Goods","12/3/2017 8:29","327.75"
"Sporting Goods","12/3/2017 8:08","327.75"
"Sporting Goods","12/3/2017 7:47","327.75"
"Sporting Goods","12/3/2017 7:26","327.75"
"Sporting Goods","12/3/2017 7:05","327.75"
"Sporting Goods","12/3/2017 6:44","327.75"
"Sporting Goods","12/3/2017 6:23","327.75"
"Sporting Goods","12/3/2017 6:02","327.75"
"Sporting Goods","12/3/2017 5:41","327.75"
"Sporting Goods","12/3/2017 5:20","327.75"
"Sporting Goods","12/3/2017 4:59","327.75"
"Sporting Goods","12/3/2017 4:38","327.75"
"Sporting Goods","12/3/2017 4:17","327.75"
"Sporting Goods","12/3/2017 3:56","327.75"
"Sporting Goods","12/3/2017 3:35","327.75"
"Sporting Goods","12/3/2017 3:14","327.75"
"Sporting Goods","12/3/2017 2:53","327.75"
"Sporting Goods","12/3/2017 2:32","327.75"
"Sporting Goods","12/3/2017 2:11","327.75"
"Sporting Goods","12/3/2017 1:50","327.75"
"Sporting Goods","12/3/2017 1:29","327.75"
"Sporting Goods","12/3/2017 1:08","327.75"
"Sporting Goods","12/3/2017 0:47","327.75"
"Cardio Equipment","4/10/2015 0:02","499.9500122"
"Cleats","3/2/2015 8:19","299.9500122"
"Cleats","3/2/2015 8:19","299.9500122"
"Cleats","4/11/2017 15:49","299.9500122"
"Cleats","3/28/2015 0:55","299.9500122"
"Cleats","4/2/2017 16:01","299.9500122"
"Cleats","4/3/2015 7:55","299.9500122"
"Cleats","2/28/2015 0:16","299.9500122"
"Cleats","4/30/2015 3:30","299.9500122"
"Cleats","2/18/2017 16:36","299.9500122"
"Cleats","2/15/2017 14:40","299.9500122"
"Women's Apparel","2/28/2015 4:28","250"
"Shop By Sport","5/6/2015 4:54","199.9499969"
"Women's Apparel","3/27/2017 2:00","250"
"Women's Apparel","5/29/2015 8:33","250"
"Shop By Sport","4/30/2017 3:21","199.9499969"
"Shop By Sport","2/28/2015 0:16","199.9499969"
"Women's Apparel","3/1/2017 3:05","250"
"Women's Apparel","3/1/2017 3:05","250"
"Women's Apparel","3/15/2015 14:05","250"
"Women's Apparel","1/18/2017 19:37","250"
